<?xml version="1.0" encoding="UTF-8"?>
<mx:record xmlns:mx="http://www.loc.gov/MARC21/slim" xmlns:xsi="http://www.w3.org/2001/XMLSchema-instance" id="mrc_1380891" xsi:schemaLocation="http://www.loc.gov/standards/marcxml/schema/MARC21slim.xsd"><mx:leader>05385nas a2200024 c 4500</mx:leader><mx:controlfield tag="001">1380891</mx:controlfield><mx:controlfield tag="005">20190625</mx:controlfield><mx:controlfield tag="007">ta</mx:controlfield><mx:controlfield tag="008">950325d17981882|| w||n| |||||||||||ger||</mx:controlfield><mx:datafield tag="016" ind1="7" ind2=" "><mx:subfield code="a">505329-8</mx:subfield><mx:subfield code="2">DE-600</mx:subfield></mx:datafield><mx:datafield tag="016" ind1="7" ind2=" "><mx:subfield code="a">012650633</mx:subfield><mx:subfield code="2">DE-101</mx:subfield></mx:datafield><mx:datafield tag="020" ind1=" " ind2=" "><mx:subfield code="a">3598524102</mx:subfield></mx:datafield><mx:datafield tag="022" ind1=" " ind2=" "><mx:subfield code="a">2510-7461</mx:subfield></mx:datafield><mx:datafield tag="024" ind1="8" ind2=" "><mx:subfield code="a">VD18 90291972</mx:subfield></mx:datafield><mx:datafield tag="035" ind1=" " ind2=" "><mx:subfield code="a">(OCoLC)224555516</mx:subfield></mx:datafield><mx:datafield tag="035" ind1=" " ind2=" "><mx:subfield code="a">(DE-604)BV002720696</mx:subfield></mx:datafield><mx:datafield tag="035" ind1=" " ind2=" "><mx:subfield code="a">(XX-XxUND)ZDB505329-8</mx:subfield></mx:datafield><mx:datafield tag="041" ind1="0" ind2=" "><mx:subfield code="a">ger</mx:subfield></mx:datafield><mx:datafield tag="084" ind1=" " ind2=" "><mx:subfield code="a">9,2</mx:subfield><mx:subfield code="2">ssgn</mx:subfield></mx:datafield><mx:datafield tag="084" ind1=" " ind2=" "><mx:subfield code="a">070</mx:subfield><mx:subfield code="q">DE-12</mx:subfield></mx:datafield><mx:datafield tag="084" ind1=" " ind2=" "><mx:subfield code="a">780</mx:subfield><mx:subfield code="q">DE-12</mx:subfield></mx:datafield><mx:datafield tag="210" ind1="1" ind2="0"><mx:subfield code="a">Allgemeine musikalische Zeitung (Leipzig. 1869)</mx:subfield></mx:datafield><mx:datafield tag="210" ind1="0" ind2="0"><mx:subfield code="2">din1430</mx:subfield></mx:datafield><mx:datafield tag="245" ind1="0" ind2="0"><mx:subfield code="a">Allgemeine musikalische Zeitung</mx:subfield></mx:datafield><mx:datafield tag="246" ind1="1" ind2="3"><mx:subfield code="a">Bibliothek der deutschen Literatur / Allgemeine musikalische Zeitung</mx:subfield></mx:datafield><mx:datafield tag="264" ind1="3" ind2="1"><mx:subfield code="a">Leipzig ; Winterthur</mx:subfield><mx:subfield code="b">Rieter-Biedermann</mx:subfield><mx:subfield code="c">1798-1882</mx:subfield></mx:datafield><mx:datafield tag="264" ind1=" " ind2="1"><mx:subfield code="a">Leipzig</mx:subfield><mx:subfield code="b">Breitkopf und Härtel</mx:subfield><mx:subfield code="c">1798-1865</mx:subfield></mx:datafield><mx:datafield tag="336" ind1=" " ind2=" "><mx:subfield code="a">Text</mx:subfield><mx:subfield code="b">txt</mx:subfield><mx:subfield code="2">rdacontent</mx:subfield></mx:datafield><mx:datafield tag="337" ind1=" " ind2=" "><mx:subfield code="a">Mikroform</mx:subfield><mx:subfield code="b">h</mx:subfield><mx:subfield code="2">rdamedia</mx:subfield></mx:datafield><mx:datafield tag="337" ind1=" " ind2=" "><mx:subfield code="a">ohne Hilfsmittel zu benutzen</mx:subfield><mx:subfield code="b">n</mx:subfield><mx:subfield code="2">rdamedia</mx:subfield></mx:datafield><mx:datafield tag="338" ind1=" " ind2=" "><mx:subfield code="a">Mikrofiche</mx:subfield><mx:subfield code="b">he</mx:subfield><mx:subfield code="2">rdacarrier</mx:subfield></mx:datafield><mx:datafield tag="338" ind1=" " ind2=" "><mx:subfield code="a">Band</mx:subfield><mx:subfield code="b">nc</mx:subfield><mx:subfield code="2">rdacarrier</mx:subfield></mx:datafield><mx:datafield tag="362" ind1="0" ind2=" "><mx:subfield code="a">1.1798/99,1(3.Okt.) - 50.1848; N.F. 1.1863 - 3.1865; [3.Ser.] 4.1869 - 17.1882</mx:subfield></mx:datafield><mx:datafield tag="500" ind1=" " ind2=" "><mx:subfield code="a">Repr.: Amsterdam : Knuf, 1969</mx:subfield></mx:datafield><mx:datafield tag="515" ind1=" " ind2=" "><mx:subfield code="a">1883 - 1884 nicht ersch.; Periodizität: wöchentl.</mx:subfield></mx:datafield><mx:datafield tag="530" ind1=" " ind2=" "><mx:subfield code="a">Mikrofiche-Ausg.: Leiden : IPC. - Mikrofiche-Ausg.: München [u.a.] : Saur, 1991. 89 Mikrofiches Nr.5351-5439 : 42x. (Bibliothek der deutschen Literatur)</mx:subfield></mx:datafield><mx:datafield tag="533" ind1=" " ind2=" "><mx:subfield code="b">München [u.a.]</mx:subfield><mx:subfield code="c">Saur</mx:subfield><mx:subfield code="d">1991</mx:subfield></mx:datafield><mx:datafield tag="555" ind1=" " ind2=" "><mx:subfield code="a">Index in: Répertoire international de la presse musicale</mx:subfield></mx:datafield><mx:datafield tag="650" ind1="0" ind2="7"><mx:subfield code="a">Musikzeitschrift</mx:subfield><mx:subfield code="0">(DE-588)4128543-8</mx:subfield><mx:subfield code="0">(DE-12)52524</mx:subfield><mx:subfield code="2">gnd</mx:subfield></mx:datafield><mx:datafield tag="650" ind1="0" ind2="7"><mx:subfield code="a">Musik</mx:subfield><mx:subfield code="0">(DE-588)4040802-4</mx:subfield><mx:subfield code="0">(DE-12)14871</mx:subfield><mx:subfield code="2">gnd</mx:subfield></mx:datafield><mx:datafield tag="655" ind1=" " ind2="7"><mx:subfield code="a">Zeitschrift</mx:subfield><mx:subfield code="0">(DE-12)719272</mx:subfield><mx:subfield code="2">gnd</mx:subfield></mx:datafield><mx:datafield tag="655" ind1=" " ind2="7"><mx:subfield code="a">Zeitung</mx:subfield><mx:subfield code="0">(DE-588)4067510-5</mx:subfield><mx:subfield code="2">gnd-content</mx:subfield></mx:datafield><mx:datafield tag="688" ind1=" " ind2=" "><mx:subfield code="a">Music</mx:subfield><mx:subfield code="0">(DE-588)4040802-4</mx:subfield></mx:datafield><mx:datafield tag="688" ind1=" " ind2=" "><mx:subfield code="a">Musique</mx:subfield><mx:subfield code="0">(DE-588)4040802-4</mx:subfield></mx:datafield><mx:datafield tag="689" ind1="0" ind2="1"><mx:subfield code="A">s</mx:subfield><mx:subfield code="a">Musikzeitschrift</mx:subfield><mx:subfield code="0">(DE-588)4128543-8</mx:subfield><mx:subfield code="0">(DE-12)52524</mx:subfield><mx:subfield code="5">(DE-101)</mx:subfield></mx:datafield><mx:datafield tag="689" ind1="1" ind2="1"><mx:subfield code="A">s</mx:subfield><mx:subfield code="a">Musik</mx:subfield><mx:subfield code="0">(DE-588)4040802-4</mx:subfield><mx:subfield code="0">(DE-12)14871</mx:subfield><mx:subfield code="5">(DE-101)</mx:subfield></mx:datafield><mx:datafield tag="689" ind1="1" ind2="2"><mx:subfield code="A">f</mx:subfield><mx:subfield code="a">Zeitschrift</mx:subfield><mx:subfield code="0">(DE-12)719272</mx:subfield></mx:datafield><mx:datafield tag="690" ind1=" " ind2=" "><mx:subfield code="a">Musik / Zeitschrift</mx:subfield><mx:subfield code="0">(DE-588)4128543-8</mx:subfield></mx:datafield><mx:datafield tag="690" ind1=" " ind2=" "><mx:subfield code="a">Musikalische Zeitschrift</mx:subfield><mx:subfield code="0">(DE-588)4128543-8</mx:subfield></mx:datafield><mx:datafield tag="690" ind1=" " ind2=" "><mx:subfield code="a">Musikzeitschriften</mx:subfield><mx:subfield code="0">(DE-588)4128543-8</mx:subfield></mx:datafield><mx:datafield tag="700" ind1="1" ind2=" "><mx:subfield code="a">Rochlitz, Friedrich, 1769-1842</mx:subfield><mx:subfield code="d">1769-1842</mx:subfield><mx:subfield code="e">Mitwirkender</mx:subfield><mx:subfield code="0">(DE-588)118601644</mx:subfield></mx:datafield><mx:datafield tag="709" ind1="1" ind2=" "><mx:subfield code="a">Rochlitz, Johann F., 1769-1842</mx:subfield><mx:subfield code="0">(DE-588)118601644</mx:subfield></mx:datafield><mx:datafield tag="709" ind1="1" ind2=" "><mx:subfield code="a">Rochlitz-Schmidt, 1769-1842</mx:subfield><mx:subfield code="0">(DE-588)118601644</mx:subfield></mx:datafield><mx:datafield tag="709" ind1="1" ind2=" "><mx:subfield code="a">Rochlitz, Johann Friedrich, 1769-1842</mx:subfield><mx:subfield code="v">DBI 2.A., ADB, BLC; MGG</mx:subfield><mx:subfield code="0">(DE-588)118601644</mx:subfield></mx:datafield><mx:datafield tag="709" ind1="1" ind2=" "><mx:subfield code="a">Rochlitz, Friedrich J., 1769-1842</mx:subfield><mx:subfield code="0">(DE-588)118601644</mx:subfield></mx:datafield><mx:datafield tag="709" ind1="1" ind2=" "><mx:subfield code="a">Rochlitz, M., 1769-1842</mx:subfield><mx:subfield code="0">(DE-588)118601644</mx:subfield></mx:datafield><mx:datafield tag="751" ind1=" " ind2=" "><mx:subfield code="a">Leipzig</mx:subfield><mx:subfield code="4">dbp</mx:subfield><mx:subfield code="0">(DE-588)4035206-7</mx:subfield><mx:subfield code="2">gnd</mx:subfield></mx:datafield><mx:datafield tag="770" ind1="0" ind2="8"><mx:subfield code="i">Beil.:</mx:subfield><mx:subfield code="t">Allgemeine musikalische Zeitung / Intelligenzblatt. Intelligenzblatt zur Allgemeinen musikalischen Zeitung</mx:subfield><mx:subfield code="d">Leipzig : Breitkopf u. Härtel, 1798-1838</mx:subfield><mx:subfield code="w">(DE-604)BV035921465</mx:subfield></mx:datafield><mx:datafield tag="770" ind1="0" ind2="8"><mx:subfield code="i">Beil.:</mx:subfield><mx:subfield code="a">Anton Diabelli und Compagnie &lt;Wien&gt;</mx:subfield><mx:subfield code="t">Ostermesse-Bericht / von A. Diabelli &amp; Comp., K. K. Hof- und Priv. Kunst- und Musikalienhändler in Wien</mx:subfield><mx:subfield code="d">Wien : Diabelli, 1833-1848</mx:subfield><mx:subfield code="w">1011492-0</mx:subfield></mx:datafield><mx:datafield tag="770" ind1="0" ind2="8"><mx:subfield code="i">Beil.:</mx:subfield><mx:subfield code="a">Breitkopf &amp; Härtel &lt;Leipzig&gt;</mx:subfield><mx:subfield code="t">Neue Musikalien im Verlag von Breitkopf &amp; Härtel in Leipzig</mx:subfield><mx:subfield code="d">Leipzig : Breitkopf &amp; Härtel, 1832-1836</mx:subfield><mx:subfield code="w">2532437-8</mx:subfield></mx:datafield><mx:datafield tag="773" ind1="1" ind2=" "><mx:subfield code="9">c</mx:subfield></mx:datafield><mx:datafield tag="776" ind1="1" ind2=" "><mx:subfield code="k">Bibliothek der deutschen Literatur</mx:subfield><mx:subfield code="z">3-598-52410-2</mx:subfield></mx:datafield><mx:datafield tag="776" ind1="1" ind2="8"><mx:subfield code="i">Elektronische Reproduktion</mx:subfield><mx:subfield code="t">Allgemeine musikalische Zeitung</mx:subfield><mx:subfield code="d">Leipzig ; Winterthur : Rieter-Biedermann, 1798-1882</mx:subfield><mx:subfield code="h">Online-Ressource</mx:subfield><mx:subfield code="w">(DE-604)BV041542417</mx:subfield></mx:datafield><mx:datafield tag="785" ind1="0" ind2="0"><mx:subfield code="i">1860 - 1862</mx:subfield><mx:subfield code="t">Deutsche Musik-Zeitung</mx:subfield><mx:subfield code="d">Wien : Wessely &amp; Büsing, 1860-1862</mx:subfield><mx:subfield code="A">8</mx:subfield><mx:subfield code="w">(DE-604)BV002720700</mx:subfield></mx:datafield><mx:datafield tag="785" ind1="0" ind2="0"><mx:subfield code="i">[3.Ser.] 1.1866 - 3.1868</mx:subfield><mx:subfield code="t">Leipziger allgemeine musikalische Zeitung</mx:subfield><mx:subfield code="d">Leipzig ; Winterthur : Rieter-Biedermann, 1866-1868</mx:subfield><mx:subfield code="A">8</mx:subfield><mx:subfield code="w">(DE-604)BV002720706</mx:subfield></mx:datafield><mx:datafield tag="785" ind1="0" ind2="0"><mx:subfield code="i">Vereinigt, um ... zu bilden</mx:subfield><mx:subfield code="t">Allgemeine Musikzeitung</mx:subfield><mx:subfield code="d">Berlin ; Leipzig ; Köln ; München : Breitkopf &amp; Härtel, 1885-1943</mx:subfield><mx:subfield code="A">7</mx:subfield><mx:subfield code="w">(DE-604)BV002599827</mx:subfield></mx:datafield><mx:datafield tag="981" ind1=" " ind2=" "><mx:subfield code="a">BV000328630</mx:subfield><mx:subfield code="b">N.F.</mx:subfield><mx:subfield code="c">1.1863 - 3.1865</mx:subfield><mx:subfield code="f">Repr. 1969</mx:subfield><mx:subfield code="g">4 Mus.th. 92.353</mx:subfield><mx:subfield code="h">Hbm</mx:subfield><mx:subfield code="i">Hbm/Jz 12,NF</mx:subfield><mx:subfield code="m">H</mx:subfield><mx:subfield code="n">|d1|j1863|n3|k1865</mx:subfield></mx:datafield><mx:datafield tag="981" ind1=" " ind2=" "><mx:subfield code="a">BV000328625</mx:subfield><mx:subfield code="c">6.1802/03 - 50.1848</mx:subfield><mx:subfield code="f">Mikrofiche-Ausg. sep. aufgest., Signatur: Hbm Jz 12. - [50,a]: Index 1 - 50; [50,b]: Index 31 - 50</mx:subfield><mx:subfield code="g">4 Mus.th. 1800</mx:subfield><mx:subfield code="m">G</mx:subfield><mx:subfield code="n">|d6|j1802/03|n50|k1848</mx:subfield></mx:datafield><mx:datafield tag="981" ind1=" " ind2=" "><mx:subfield code="a">BV000328608</mx:subfield><mx:subfield code="b">[3.Ser.]</mx:subfield><mx:subfield code="c">4.1869 - 17.1882</mx:subfield><mx:subfield code="f">Repr. 1969</mx:subfield><mx:subfield code="g">4 Mus.th. 92.354</mx:subfield><mx:subfield code="h">Hbm</mx:subfield><mx:subfield code="i">Hbm/Jz 12,NF</mx:subfield><mx:subfield code="m">D</mx:subfield><mx:subfield code="n">|d4|j1869|n17|k1882</mx:subfield></mx:datafield><mx:datafield tag="981" ind1=" " ind2=" "><mx:subfield code="a">BV000328594</mx:subfield><mx:subfield code="c">1.1798/99 - 50.1848</mx:subfield><mx:subfield code="f">Mikrofiche-Ausg. sep. aufgest., Signatur: Hbm Jz 12</mx:subfield><mx:subfield code="g">4 Mus.th. 1800 a</mx:subfield><mx:subfield code="m">A</mx:subfield><mx:subfield code="n">|d1|j1798/99|n50|k1848</mx:subfield></mx:datafield><mx:datafield tag="981" ind1=" " ind2=" "><mx:subfield code="a">BV000328599</mx:subfield><mx:subfield code="b">N.F.</mx:subfield><mx:subfield code="c">1.1863 - 3.1865</mx:subfield><mx:subfield code="g">4 Mus.th. 1800,NF</mx:subfield><mx:subfield code="m">B</mx:subfield><mx:subfield code="n">1|1863|3|1865</mx:subfield></mx:datafield><mx:datafield tag="981" ind1=" " ind2=" "><mx:subfield code="a">BV000328603</mx:subfield><mx:subfield code="b">N.F.</mx:subfield><mx:subfield code="c">1.1863 - 3.1865</mx:subfield><mx:subfield code="g">4 Mus.th. 1800 a,NF</mx:subfield><mx:subfield code="m">C</mx:subfield><mx:subfield code="n">1|1863|3|1865</mx:subfield></mx:datafield><mx:datafield tag="981" ind1=" " ind2=" "><mx:subfield code="a">BV000328614</mx:subfield><mx:subfield code="b">[3.Ser.]</mx:subfield><mx:subfield code="c">4.1869 - 17.1882</mx:subfield><mx:subfield code="g">4 Mus.th. 1801</mx:subfield><mx:subfield code="m">E</mx:subfield><mx:subfield code="n">4|1869|17|1882</mx:subfield></mx:datafield><mx:datafield tag="981" ind1=" " ind2=" "><mx:subfield code="a">BV000328619</mx:subfield><mx:subfield code="b">[3.Ser.]</mx:subfield><mx:subfield code="c">4.1869 - 17.1882</mx:subfield><mx:subfield code="g">4 Mus.th. 1801 a</mx:subfield><mx:subfield code="m">F</mx:subfield><mx:subfield code="n">4|1869|17|1882</mx:subfield></mx:datafield><mx:datafield tag="981" ind1=" " ind2=" "><mx:subfield code="a">BV003325456</mx:subfield><mx:subfield code="c">18.1816</mx:subfield><mx:subfield code="g">4 Mus.Z 2011.142</mx:subfield><mx:subfield code="m">I</mx:subfield><mx:subfield code="n">|d18|j1816</mx:subfield></mx:datafield><mx:datafield tag="981" ind1=" " ind2=" "><mx:subfield code="a">BV003325464</mx:subfield><mx:subfield code="b">[3.Ser.]</mx:subfield><mx:subfield code="c">6.1871</mx:subfield><mx:subfield code="g">4 Mus.Z 2011.143</mx:subfield><mx:subfield code="m">J</mx:subfield><mx:subfield code="n">|d6|j1871</mx:subfield></mx:datafield><mx:datafield tag="982" ind1=" " ind2=" "><mx:subfield code="o">960 a</mx:subfield><mx:subfield code="q">zs</mx:subfield></mx:datafield><mx:datafield tag="982" ind1=" " ind2=" "><mx:subfield code="o">960 a</mx:subfield><mx:subfield code="q">zs</mx:subfield></mx:datafield><mx:datafield tag="982" ind1=" " ind2=" "><mx:subfield code="o">960 a</mx:subfield><mx:subfield code="q">zs</mx:subfield></mx:datafield><mx:datafield tag="982" ind1=" " ind2=" "><mx:subfield code="c">4 Mus.th. 92.354</mx:subfield><mx:subfield code="o">960 a</mx:subfield><mx:subfield code="q">zs</mx:subfield></mx:datafield><mx:datafield tag="982" ind1=" " ind2=" "><mx:subfield code="o">960 a</mx:subfield><mx:subfield code="q">zs</mx:subfield></mx:datafield><mx:datafield tag="982" ind1=" " ind2=" "><mx:subfield code="o">960 a</mx:subfield><mx:subfield code="q">zs</mx:subfield></mx:datafield><mx:datafield tag="982" ind1=" " ind2=" "><mx:subfield code="c">4 Mus.th. 1800</mx:subfield><mx:subfield code="o">960 a</mx:subfield><mx:subfield code="q">zs</mx:subfield></mx:datafield><mx:datafield tag="982" ind1=" " ind2=" "><mx:subfield code="c">4 Mus.th. 92.353</mx:subfield><mx:subfield code="o">960 a</mx:subfield><mx:subfield code="q">zs</mx:subfield></mx:datafield></mx:record>